@book{Skoog2004,
	title = {Manual de Química Analítica},
	author = {Skoog, D.A. and West, D.M. and Holler, F.J.},
	year = {2004},
	edition = {8},
	publisher = {McGraw-Hill}
}
@online{Seglab,
	title = {Seguridad en el laboratorio químico},
	url = {https://departamento.us.es/depquiorg/docencia/Normas_seguridad_laboratorio.pdf},
	addendum = {Consultado en: 22 02 2023.}
}
@online{atares,
    author = {Atarés Huerta, Lorena},
    title = {Determinación de la densidad de un líquido con el método del picnómetro.},
	url = {https://riunet.upv.es/bitstream/handle/10251/12655/11.%20Art%C3%ADculo%20docente.%20Determinaci%C3%B3n%20de%20la%20densidad%20de%20un%20l%C3%ADquido%20con%20el%20m%C3%A9todo%20del%20picn%C3%B3metro.pdf},
    addendum = {Consultado en: 22 02 2023.}
}
@article{Brynn2010,
	title = {Precision and accuracy in measurement},
	author = {Hibbert, D. Brynn and Hinds, John H.},
	journal = {Analytical Chemistry},
	year = {2010}
}
@book{Taylor1997,
	title = {An Introduction to Error Analysis: The Study of Uncertainties in Physical Measurements},
	author = {Taylor, John R.},
	year = {1997},
	edition = {2},
	publisher = {University Science Books}
}
@article{Rogers2012,
	title = {Measurement of Liquid Volume and Mass Using a Beaker},
	author = {Rogers, R. Mark and Wolcott, Kyle H.},
	journal = {Journal of Chemical Education},
	year = {2012}
}
